<?xml version="1.0" encoding="UTF-8"?>
  <record xmlns="http://www.loc.gov/MARC21/slim" type="Authority">
    <leader>00000nz  a2200000nc 4500</leader>
    <controlfield tag="001">12434741X</controlfield>
    <controlfield tag="003">DE-101</controlfield>
    <controlfield tag="005">20190528095531.0</controlfield>
    <controlfield tag="008">030117n||aznnnaabn           | aaa    |c</controlfield>
    <datafield tag="024" ind1="7" ind2=" ">
      <subfield code="a">12434741X</subfield>
      <subfield code="0">http://d-nb.info/gnd/12434741X</subfield>
      <subfield code="2">gnd</subfield>
    </datafield>
    <datafield tag="035" ind1=" " ind2=" ">
      <subfield code="a">(DE-101)12434741X</subfield>
    </datafield>
    <datafield tag="035" ind1=" " ind2=" ">
      <subfield code="a">(DE-588)12434741X</subfield>
    </datafield>
    <datafield tag="035" ind1=" " ind2=" ">
      <subfield code="z">(DE-588a)12434741X</subfield>
      <subfield code="9">v:zg</subfield>
    </datafield>
    <datafield tag="040" ind1=" " ind2=" ">
      <subfield code="a">DE-473</subfield>
      <subfield code="c">DE-473</subfield>
      <subfield code="9">r:DE-473</subfield>
      <subfield code="b">ger</subfield>
      <subfield code="d">0024</subfield>
    </datafield>
    <datafield tag="042" ind1=" " ind2=" ">
      <subfield code="a">gnd1</subfield>
    </datafield>
    <datafield tag="043" ind1=" " ind2=" ">
      <subfield code="c">XA-DE</subfield>
    </datafield>
    <datafield tag="075" ind1=" " ind2=" ">
      <subfield code="b">p</subfield>
      <subfield code="2">gndgen</subfield>
    </datafield>
    <datafield tag="075" ind1=" " ind2=" ">
      <subfield code="b">piz</subfield>
      <subfield code="2">gndspec</subfield>
    </datafield>
    <datafield tag="079" ind1=" " ind2=" ">
      <subfield code="a">g</subfield>
      <subfield code="q">a</subfield>
      <subfield code="q">f</subfield>
    </datafield>
    <datafield tag="100" ind1="0" ind2=" ">
      <subfield code="a">Eleonore Magdalena</subfield>
      <subfield code="c">Hohenzollern-Hechingen, Fürstin</subfield>
      <subfield code="d">1673-1711</subfield>
    </datafield>
    <datafield tag="400" ind1="0" ind2=" ">
      <subfield code="a">Eleonore Magdalena</subfield>
      <subfield code="c">Brandenburg-Bayreuth, Markgräfin</subfield>
      <subfield code="d">1673-1711</subfield>
    </datafield>
    <datafield tag="400" ind1="0" ind2=" ">
      <subfield code="a">Eleonore Magdalene</subfield>
      <subfield code="c">Hohenzollern-Hechingen, Fürstin</subfield>
      <subfield code="d">1673-1711</subfield>
    </datafield>
    <datafield tag="400" ind1="0" ind2=" ">
      <subfield code="a">Eleonore Magdalene</subfield>
      <subfield code="c">Brandenburg-Bayreuth, Markgräfin</subfield>
      <subfield code="d">1673-1711</subfield>
    </datafield>
    <datafield tag="500" ind1="1" ind2=" ">
      <subfield code="0">(DE-101)140011919</subfield>
      <subfield code="0">(DE-588)140011919</subfield>
      <subfield code="0">https://d-nb.info/gnd/140011919</subfield>
      <subfield code="a">Hohenzollern-Hechingen, Hermann Friedrich &#152;von&#156;</subfield>
      <subfield code="d">1665-1733</subfield>
      <subfield code="4">bezf</subfield>
      <subfield code="4">https://d-nb.info/standards/elementset/gnd#familialRelationship</subfield>
      <subfield code="w">r</subfield>
      <subfield code="i">Beziehung familiaer</subfield>
      <subfield code="e">Beziehung familiaer</subfield>
      <subfield code="9">v:Ehemann</subfield>
    </datafield>
    <datafield tag="548" ind1=" " ind2=" ">
      <subfield code="a">1673-1711</subfield>
      <subfield code="4">datl</subfield>
      <subfield code="4">https://d-nb.info/standards/elementset/gnd#dateOfBirthAndDeath</subfield>
      <subfield code="w">r</subfield>
      <subfield code="i">Lebensdaten</subfield>
    </datafield>
    <datafield tag="548" ind1=" " ind2=" ">
      <subfield code="a">24.01.1673-13.12.1711</subfield>
      <subfield code="4">datx</subfield>
      <subfield code="4">https://d-nb.info/standards/elementset/gnd#dateOfBirthAndDeath</subfield>
      <subfield code="w">r</subfield>
      <subfield code="i">Exakte Lebensdaten</subfield>
      <subfield code="9">v:abweichende Lebensdaten: 14.01.1673 - 23.12.1711, laut Angaben in Leichenpredigt</subfield>
    </datafield>
    <datafield tag="551" ind1=" " ind2=" ">
      <subfield code="0">(DE-101)040050564</subfield>
      <subfield code="0">(DE-588)4005056-7</subfield>
      <subfield code="0">https://d-nb.info/gnd/4005056-7</subfield>
      <subfield code="a">Bayreuth</subfield>
      <subfield code="4">ortg</subfield>
      <subfield code="4">https://d-nb.info/standards/elementset/gnd#placeOfBirth</subfield>
      <subfield code="w">r</subfield>
      <subfield code="i">Geburtsort</subfield>
    </datafield>
    <datafield tag="551" ind1=" " ind2=" ">
      <subfield code="0">(DE-101)040156362</subfield>
      <subfield code="0">(DE-588)4015636-9</subfield>
      <subfield code="0">https://d-nb.info/gnd/4015636-9</subfield>
      <subfield code="a">Ettlingen</subfield>
      <subfield code="4">orts</subfield>
      <subfield code="4">https://d-nb.info/standards/elementset/gnd#placeOfDeath</subfield>
      <subfield code="w">r</subfield>
      <subfield code="i">Sterbeort</subfield>
    </datafield>
    <datafield tag="670" ind1=" " ind2=" ">
      <subfield code="a">Landesbibliographie Baden-Württemberg</subfield>
    </datafield>
    <datafield tag="672" ind1=" " ind2="0">
      <subfield code="a">Laurus, Johann Christoph: Ad Recens-natae Celsissimae Principis-Puellae ac Dominae ... - [1673]</subfield>
    </datafield>
    <datafield tag="913" ind1=" " ind2=" ">
      <subfield code="S">pnd</subfield>
      <subfield code="i">5</subfield>
      <subfield code="a">Eleonore Magdalena &lt;Hohenzollern-Hechingen, Fürstin&gt;</subfield>
      <subfield code="0">(DE-588a)12434741X</subfield>
    </datafield>
  </record>
